@book{gershenfeld1999nature,
  title={The nature of mathematical modeling},
  author={Gershenfeld, Neil A},
  year={1999},
  publisher={Cambridge university press}
}


@article{teukolsky1992numerical,
  title={Numerical recipes in C},
  author={Teukolsky, Saul A and Flannery, Brian P and Press, W and Vetterling, W},
  journal={SMR},
  volume={693},
  number={1},
  pages={59--70},
  year={1992}
}
